<?xml version="1.0" encoding="UTF-8"?>
<SOAP-ENV:Envelope xmlns:SOAP-ENV="http://schemas.xmlsoap.org/soap/envelope/" xmlns:mx="http://www.loc.gov/MARC21/slim" xmlns:of="http://oss.dbc.dk/ns/openformat"><SOAP-ENV:Body><of:formatResponse><marc21><mx:record format="MARC21" type="Bibliographic"><mx:leader>00000njm a22000000c 4500</mx:leader><mx:controlfield tag="007">s|||||||||||||</mx:controlfield><mx:controlfield tag="008">090126s2002    gw ||||          | |mul|d</mx:controlfield><mx:datafield ind1="8" ind2=" " tag="024"><mx:subfield code="a">0809274266828</mx:subfield></mx:datafield><mx:datafield ind1="0" ind2="0" tag="028"><mx:subfield code="a">0927-42668-2</mx:subfield><mx:subfield code="b">Warner Music Vision</mx:subfield></mx:datafield><mx:datafield ind1="1" ind2=" " tag="029"><mx:subfield code="a">DKDLA</mx:subfield><mx:subfield code="b">870970-basis:27593291</mx:subfield></mx:datafield><mx:datafield ind1=" " ind2=" " tag="040"><mx:subfield code="a">DKDLA</mx:subfield><mx:subfield code="b">dan</mx:subfield><mx:subfield code="c">DKDLA</mx:subfield></mx:datafield><mx:datafield ind1="1" ind2=" " tag="041"><mx:subfield code="a">eng</mx:subfield><mx:subfield code="a">ger</mx:subfield><mx:subfield code="a">dut</mx:subfield><mx:subfield code="j">eng</mx:subfield><mx:subfield code="j">fre</mx:subfield><mx:subfield code="j">ger</mx:subfield></mx:datafield><mx:datafield ind1=" " ind2=" " tag="049"><mx:subfield code="a">DK-190101</mx:subfield></mx:datafield><mx:datafield ind1=" " ind2=" " tag="084"><mx:subfield code="a">78.411</mx:subfield><mx:subfield code="2">z</mx:subfield></mx:datafield><mx:datafield ind1=" " ind2=" " tag="084"><mx:subfield code="a">78.914</mx:subfield><mx:subfield code="2">z</mx:subfield></mx:datafield><mx:datafield ind1="0" ind2="0" tag="245"><mx:subfield code="a">The art of conducting - legendary conductors of a golden era</mx:subfield><mx:subfield code="h">[lydoptagelse]</mx:subfield></mx:datafield><mx:datafield ind1=" " ind2=" " tag="260"><mx:subfield code="a">[S.l.] :</mx:subfield><mx:subfield code="b">Teldec Classics International :</mx:subfield><mx:subfield code="b">Warner Music Vision,</mx:subfield><mx:subfield code="c">[2002], 1997</mx:subfield></mx:datafield><mx:datafield ind1=" " ind2=" " tag="300"><mx:subfield code="a">1 dvd-video (1 t., 55 min.) +</mx:subfield><mx:subfield code="e">1 kommentarhæfte</mx:subfield></mx:datafield><mx:datafield ind1=" " ind2=" " tag="500"><mx:subfield code="a">Indspillet 1931-1991</mx:subfield></mx:datafield><mx:datafield ind1=" " ind2=" " tag="500"><mx:subfield code="a">På omslaget: Sergiu Celibidache, Wilhelm Furtwängler, Erich Kleiber, Evgeny Mravinsky, Charles Munch, Willem Mengelberg, André Cluytens, Herbert von Karajan, Hermann Scherchen, Václav Talich</mx:subfield></mx:datafield><mx:datafield ind1=" " ind2=" " tag="500"><mx:subfield code="a">Med kommentarer af Peter Andry, Alexander Barantschik, Daniel Barenboim, Walter Barylli, Otto Edelmann, Vic Furth, Yuri Grigorovich, Bernard Haitink, Yehudi Menuhin og Evgeny Mravinsky</mx:subfield></mx:datafield><mx:datafield ind1=" " ind2=" " tag="500"><mx:subfield code="a">Plademærke: Warner Music Vision. Forlagsnummer: 0927-42668-2</mx:subfield></mx:datafield><mx:datafield ind1="8" ind2=" " tag="505"><mx:subfield code="a">Indhold: Strauss, Richard: Ein Heldenleben, opus 40 (uddrag) / Berlin Philharmonic Orchestra ; dirigent: Herbert von Karajan ; Till Eulenspiegels lustige Streiche, opus 28 / Berlin Philharmonic Orchestra ; dirigent: Wilhelm Furtwängler ; Till Eulenspiegels lustige Streiche, opus 28 / Orchestra of Süddeutscher Rundfunk ; dirigent: Sergiu Celibidache -- Dvořák, Antonín: Die Waldtaube, opus 110 (uddrag) / Czech Philharmonic Orchestra ; dirigent: Václav Talich ; Symfoni nr. 9, e-mol, opus 95 (1. sats) : Fra den nye verden / Munich Philharmonic Orchestra ; dirigent: Sergiu Celibidache -- Kalinnikov, Vasilij: Symfoni nr. 1, g-mol (2. sats) / Czech Philharmonic Orchestra ; dirigent: Hermann Scherchen -- Ravel, Maurice: Rapsodie espagnole / Czech Philharmonic Orchestra ; dirigent: André Cluytens ; Daphnis og Chloé (Suite nr. 2) / Hungarina State Orchestra ; dirigent: Charles Munch ; Daphnis og Chloé (Suite nr. 2) / Boston Symphony Orchestra ; dirigent: Charles Munch -- Tjajkovskij, Petr: Symfoni nr. 4, f-mol, opus 36 (4. sats) / Czech Philharmonic Orchestra ; dirigent: Evgeny Alexandrovich Mravinsky ; Symfoni nr. 5, e-mol, opus 64 (1. sats ; 4. sats) / Leningrad Philharmonic Orchestra ; dirigent: Evgeny Alexandrovich Mravinsky -- Strauss, Johann, f. 1825: Künstlerleben, opus 316 / Concertgebouw Orchestra ; dirigent: Erich Kleiber ; Kejservals, opus 437 / Berlin Philharmonic Orchestra ; dirigent: Wilhelm Furtwängler ; An der schönen, blauen Donau, opus 314 / Berlin Staatskapelle ; dirigent: Erich Kleiber -- Berlioz, Hector: Fausts fordømmelse, opus 24 Ungarsk march / Concertgebouw Orchestra ; dirigent: Willem Mengelberg ; Symphonie fantastique, opus 14 (4. sats : Marche au supplice : Heksesabbat / Boston Symphony Orchestra ; dirigent: Charles Munch -- Bizet, Georges: L'Arlésienne-suite nr. 1 (Adagietto) / Concertgebouw Orchestra ; dirigent: Willem Mengelberg -- Weber, Carl Maria von: Oberon (Ouverture) / Concertgebouw Orchestra ; dirigent: Willem Mengelberg -- Beethoven, Ludwig van: Symfoni nr. 9, d-mol, opus 125 (4. sats (Finale)) / Czech Philharmonic Orchestra ; dirigent: Erich Kleiber ; Egmont-ouverture, opus 84 / Berlin Philharmonic Orchestra ; dirigent: Sergiu Celibidache -- Franck, César: Symfoni, d-mol (uddrag) / Czech Philharmonic Orchestra ; dirigent: Charles Munch -- Debussy, Claude: La mer Jeux de vagues / Boston Symphony Orchestra ; dirigent: Charles Munch -- Sjostakovitj, Dmitrij: Symfoni nr. 5, d-mol, opus 47 (1. sats ; 4. sats) / Leningrad Philharmonic Orchestra ; dirigent: Evgeny Alexandrovich Mravinsky</mx:subfield></mx:datafield><mx:datafield ind1=" " ind2="7" tag="655"><mx:subfield code="a">romantik</mx:subfield><mx:subfield code="y">1800-1899</mx:subfield><mx:subfield code="y">1900-1909</mx:subfield><mx:subfield code="y">1910-1919</mx:subfield><mx:subfield code="z">Tyskland</mx:subfield><mx:subfield code="z">Rusland</mx:subfield><mx:subfield code="z">Frankrig</mx:subfield><mx:subfield code="z">Østrig</mx:subfield><mx:subfield code="z">Tjekkiet</mx:subfield><mx:subfield code="2">z</mx:subfield></mx:datafield><mx:datafield ind1=" " ind2="7" tag="655"><mx:subfield code="a">senromantik</mx:subfield><mx:subfield code="y">1800-1899</mx:subfield><mx:subfield code="y">1900-1909</mx:subfield><mx:subfield code="y">1910-1919</mx:subfield><mx:subfield code="z">Tyskland</mx:subfield><mx:subfield code="z">Rusland</mx:subfield><mx:subfield code="z">Frankrig</mx:subfield><mx:subfield code="z">Østrig</mx:subfield><mx:subfield code="z">Tjekkiet</mx:subfield><mx:subfield code="2">z</mx:subfield></mx:datafield><mx:datafield ind1=" " ind2="7" tag="655"><mx:subfield code="a">impressionisme</mx:subfield><mx:subfield code="y">1800-1899</mx:subfield><mx:subfield code="y">1900-1909</mx:subfield><mx:subfield code="y">1910-1919</mx:subfield><mx:subfield code="z">Tyskland</mx:subfield><mx:subfield code="z">Rusland</mx:subfield><mx:subfield code="z">Frankrig</mx:subfield><mx:subfield code="z">Østrig</mx:subfield><mx:subfield code="z">Tjekkiet</mx:subfield><mx:subfield code="2">z</mx:subfield></mx:datafield><mx:datafield ind1=" " ind2="7" tag="655"><mx:subfield code="a">symfoni</mx:subfield><mx:subfield code="y">1800-1899</mx:subfield><mx:subfield code="y">1900-1909</mx:subfield><mx:subfield code="y">1910-1919</mx:subfield><mx:subfield code="z">Tyskland</mx:subfield><mx:subfield code="z">Rusland</mx:subfield><mx:subfield code="z">Frankrig</mx:subfield><mx:subfield code="z">Østrig</mx:subfield><mx:subfield code="z">Tjekkiet</mx:subfield><mx:subfield code="2">z</mx:subfield></mx:datafield><mx:datafield ind1=" " ind2="7" tag="655"><mx:subfield code="a">ouverture</mx:subfield><mx:subfield code="y">1800-1899</mx:subfield><mx:subfield code="y">1900-1909</mx:subfield><mx:subfield code="y">1910-1919</mx:subfield><mx:subfield code="z">Tyskland</mx:subfield><mx:subfield code="z">Rusland</mx:subfield><mx:subfield code="z">Frankrig</mx:subfield><mx:subfield code="z">Østrig</mx:subfield><mx:subfield code="z">Tjekkiet</mx:subfield><mx:subfield code="2">z</mx:subfield></mx:datafield><mx:datafield ind1=" " ind2="7" tag="655"><mx:subfield code="a">symfonisk digt</mx:subfield><mx:subfield code="y">1800-1899</mx:subfield><mx:subfield code="y">1900-1909</mx:subfield><mx:subfield code="y">1910-1919</mx:subfield><mx:subfield code="z">Tyskland</mx:subfield><mx:subfield code="z">Rusland</mx:subfield><mx:subfield code="z">Frankrig</mx:subfield><mx:subfield code="z">Østrig</mx:subfield><mx:subfield code="z">Tjekkiet</mx:subfield><mx:subfield code="2">z</mx:subfield></mx:datafield><mx:datafield ind1=" " ind2="7" tag="655"><mx:subfield code="a">instrumental</mx:subfield><mx:subfield code="y">1800-1899</mx:subfield><mx:subfield code="y">1900-1909</mx:subfield><mx:subfield code="y">1910-1919</mx:subfield><mx:subfield code="z">Tyskland</mx:subfield><mx:subfield code="z">Rusland</mx:subfield><mx:subfield code="z">Frankrig</mx:subfield><mx:subfield code="z">Østrig</mx:subfield><mx:subfield code="z">Tjekkiet</mx:subfield><mx:subfield code="2">z</mx:subfield></mx:datafield><mx:datafield ind1=" " ind2="7" tag="655"><mx:subfield code="a">orkester</mx:subfield><mx:subfield code="y">1800-1899</mx:subfield><mx:subfield code="y">1900-1909</mx:subfield><mx:subfield code="y">1910-1919</mx:subfield><mx:subfield code="z">Tyskland</mx:subfield><mx:subfield code="z">Rusland</mx:subfield><mx:subfield code="z">Frankrig</mx:subfield><mx:subfield code="z">Østrig</mx:subfield><mx:subfield code="z">Tjekkiet</mx:subfield><mx:subfield code="2">z</mx:subfield></mx:datafield><mx:datafield ind1=" " ind2="7" tag="655"><mx:subfield code="a">historiske optagelser</mx:subfield><mx:subfield code="2">z</mx:subfield></mx:datafield><mx:datafield ind1=" " ind2="7" tag="655"><mx:subfield code="a">orkesterprøver</mx:subfield><mx:subfield code="2">z</mx:subfield></mx:datafield><mx:datafield ind1=" " ind2="7" tag="655"><mx:subfield code="a">direktion</mx:subfield><mx:subfield code="2">z</mx:subfield></mx:datafield><mx:datafield ind1=" " ind2="7" tag="655"><mx:subfield code="a">orkesterdirektion</mx:subfield><mx:subfield code="2">z</mx:subfield></mx:datafield><mx:datafield ind1="1" ind2=" " tag="700"><mx:subfield code="a">Celibidache, Sergiu</mx:subfield></mx:datafield><mx:datafield ind1="1" ind2=" " tag="700"><mx:subfield code="a">Cluytens, André</mx:subfield></mx:datafield><mx:datafield ind1="1" ind2=" " tag="700"><mx:subfield code="a">Furtwängler, Wilhelm</mx:subfield></mx:datafield><mx:datafield ind1="1" ind2=" " tag="700"><mx:subfield code="a">Karajan, Herbert von</mx:subfield></mx:datafield><mx:datafield ind1="1" ind2=" " tag="700"><mx:subfield code="a">Kleiber, Erich</mx:subfield></mx:datafield><mx:datafield ind1="1" ind2=" " tag="700"><mx:subfield code="a">Mengelberg, Willem</mx:subfield></mx:datafield><mx:datafield ind1="1" ind2=" " tag="700"><mx:subfield code="a">Mravínskij, Jevgénij</mx:subfield></mx:datafield><mx:datafield ind1="1" ind2=" " tag="700"><mx:subfield code="a">Munch, Charles</mx:subfield></mx:datafield><mx:datafield ind1="1" ind2=" " tag="700"><mx:subfield code="a">Scherchen, Hermann</mx:subfield></mx:datafield><mx:datafield ind1="1" ind2=" " tag="700"><mx:subfield code="a">Talich, Václav</mx:subfield></mx:datafield><mx:datafield ind1="1" ind2="2" tag="700"><mx:subfield code="a">Strauss, Richard</mx:subfield><mx:subfield code="t">Ein Heldenleben, opus 40 (uddrag) / Berlin Philharmonic Orchestra ; dirigent: Herbert von Karajan</mx:subfield></mx:datafield><mx:datafield ind1="1" ind2="2" tag="700"><mx:subfield code="a">Strauss, Richard</mx:subfield><mx:subfield code="t">Till Eulenspiegels lustige Streiche, opus 28 / Berlin Philharmonic Orchestra ; dirigent: Wilhelm Furtwängler</mx:subfield></mx:datafield><mx:datafield ind1="1" ind2="2" tag="700"><mx:subfield code="a">Strauss, Richard</mx:subfield><mx:subfield code="t">Till Eulenspiegels lustige Streiche, opus 28 / Orchestra of Süddeutscher Rundfunk ; dirigent: Sergiu Celibidache</mx:subfield></mx:datafield><mx:datafield ind1="1" ind2="2" tag="700"><mx:subfield code="a">Dvořák, Antonín</mx:subfield><mx:subfield code="t">Die Waldtaube, opus 110 (uddrag) / Czech Philharmonic Orchestra ; dirigent: Václav Talich</mx:subfield></mx:datafield><mx:datafield ind1="1" ind2="2" tag="700"><mx:subfield code="a">Dvořák, Antonín</mx:subfield><mx:subfield code="t">Symfoni nr. 9, e-mol, opus 95 (1. sats) : Fra den nye verden / Munich Philharmonic Orchestra ; dirigent: Sergiu Celibidache</mx:subfield></mx:datafield><mx:datafield ind1="1" ind2="2" tag="700"><mx:subfield code="a">Kalinnikov, Vasilij</mx:subfield><mx:subfield code="t">Symfoni nr. 1, g-mol (2. sats) / Czech Philharmonic Orchestra ; dirigent: Hermann Scherchen</mx:subfield></mx:datafield><mx:datafield ind1="1" ind2="2" tag="700"><mx:subfield code="a">Ravel, Maurice</mx:subfield><mx:subfield code="t">Rapsodie espagnole / Czech Philharmonic Orchestra ; dirigent: André Cluytens</mx:subfield></mx:datafield><mx:datafield ind1="1" ind2="2" tag="700"><mx:subfield code="a">Ravel, Maurice</mx:subfield><mx:subfield code="t">Daphnis og Chloé (Suite nr. 2) / Hungarina State Orchestra ; dirigent: Charles Munch</mx:subfield></mx:datafield><mx:datafield ind1="1" ind2="2" tag="700"><mx:subfield code="a">Ravel, Maurice</mx:subfield><mx:subfield code="t">Daphnis og Chloé (Suite nr. 2) / Boston Symphony Orchestra ; dirigent: Charles Munch</mx:subfield></mx:datafield><mx:datafield ind1="1" ind2="2" tag="700"><mx:subfield code="a">Tjajkovskij, Petr</mx:subfield><mx:subfield code="t">Symfoni nr. 4, f-mol, opus 36 (4. sats) / Czech Philharmonic Orchestra ; dirigent: Evgeny Alexandrovich Mravinsky</mx:subfield></mx:datafield><mx:datafield ind1="1" ind2="2" tag="700"><mx:subfield code="a">Tjajkovskij, Petr</mx:subfield><mx:subfield code="t">Symfoni nr. 5, e-mol, opus 64 (1. sats ; 4. sats) / Leningrad Philharmonic Orchestra ; dirigent: Evgeny Alexandrovich Mravinsky</mx:subfield></mx:datafield><mx:datafield ind1="1" ind2="2" tag="700"><mx:subfield code="a">Strauss, Johann,</mx:subfield><mx:subfield code="d">f. 1825</mx:subfield><mx:subfield code="t">Künstlerleben, opus 316 / Concertgebouw Orchestra ; dirigent: Erich Kleiber</mx:subfield></mx:datafield><mx:datafield ind1="1" ind2="2" tag="700"><mx:subfield code="a">Strauss, Johann,</mx:subfield><mx:subfield code="d">f. 1825</mx:subfield><mx:subfield code="t">Kejservals, opus 437 / Berlin Philharmonic Orchestra ; dirigent: Wilhelm Furtwängler</mx:subfield></mx:datafield><mx:datafield ind1="1" ind2="2" tag="700"><mx:subfield code="a">Strauss, Johann,</mx:subfield><mx:subfield code="d">f. 1825</mx:subfield><mx:subfield code="t">An der schönen, blauen Donau, opus 314 / Berlin Staatskapelle ; dirigent: Erich Kleiber</mx:subfield></mx:datafield><mx:datafield ind1="1" ind2="2" tag="700"><mx:subfield code="a">Berlioz, Hector</mx:subfield><mx:subfield code="t">Fausts fordømmelse, opus 24 Ungarsk march / Concertgebouw Orchestra ; dirigent: Willem Mengelberg</mx:subfield></mx:datafield><mx:datafield ind1="1" ind2="2" tag="700"><mx:subfield code="a">Berlioz, Hector</mx:subfield><mx:subfield code="t">Symphonie fantastique, opus 14 (4. sats : Marche au supplice : Heksesabbat / Boston Symphony Orchestra ; dirigent: Charles Munch</mx:subfield></mx:datafield><mx:datafield ind1="1" ind2="2" tag="700"><mx:subfield code="a">Bizet, Georges</mx:subfield><mx:subfield code="t">L'Arlésienne-suite nr. 1 (Adagietto) / Concertgebouw Orchestra ; dirigent: Willem Mengelberg</mx:subfield></mx:datafield><mx:datafield ind1="1" ind2="2" tag="700"><mx:subfield code="a">Weber, Carl Maria von</mx:subfield><mx:subfield code="t">Oberon (Ouverture) / Concertgebouw Orchestra ; dirigent: Willem Mengelberg</mx:subfield></mx:datafield><mx:datafield ind1="1" ind2="2" tag="700"><mx:subfield code="a">Beethoven, Ludwig van</mx:subfield><mx:subfield code="t">Symfoni nr. 9, d-mol, opus 125 (4. sats (Finale)) / Czech Philharmonic Orchestra ; dirigent: Erich Kleiber</mx:subfield></mx:datafield><mx:datafield ind1="1" ind2="2" tag="700"><mx:subfield code="a">Beethoven, Ludwig van</mx:subfield><mx:subfield code="t">Egmont-ouverture, opus 84 / Berlin Philharmonic Orchestra ; dirigent: Sergiu Celibidache</mx:subfield></mx:datafield><mx:datafield ind1="1" ind2="2" tag="700"><mx:subfield code="a">Franck, César</mx:subfield><mx:subfield code="t">Symfoni, d-mol (uddrag) / Czech Philharmonic Orchestra ; dirigent: Charles Munch</mx:subfield></mx:datafield><mx:datafield ind1="1" ind2="2" tag="700"><mx:subfield code="a">Debussy, Claude</mx:subfield><mx:subfield code="t">La mer Jeux de vagues / Boston Symphony Orchestra ; dirigent: Charles Munch</mx:subfield></mx:datafield><mx:datafield ind1="1" ind2="2" tag="700"><mx:subfield code="a">Sjostakovitj, Dmitrij</mx:subfield><mx:subfield code="t">Symfoni nr. 5, d-mol, opus 47 (1. sats ; 4. sats) / Leningrad Philharmonic Orchestra ; dirigent: Evgeny Alexandrovich Mravinsky</mx:subfield></mx:datafield><mx:datafield ind1="2" ind2=" " tag="710"><mx:subfield code="a">Berlins Filharmoniske Orkester</mx:subfield></mx:datafield><mx:datafield ind1="2" ind2=" " tag="710"><mx:subfield code="a">Bostons Symfoniorkester</mx:subfield></mx:datafield><mx:datafield ind1="2" ind2=" " tag="710"><mx:subfield code="a">Concertgebouw-Orkestret, Amsterdam</mx:subfield></mx:datafield><mx:datafield ind1="2" ind2=" " tag="710"><mx:subfield code="a">Leningrads Filharmoniske Orkester</mx:subfield></mx:datafield><mx:datafield ind1="2" ind2=" " tag="710"><mx:subfield code="a">Münchens Filharmoniske Orkester</mx:subfield></mx:datafield><mx:datafield ind1="2" ind2=" " tag="710"><mx:subfield code="a">Statskapellet Berlin</mx:subfield></mx:datafield><mx:datafield ind1="2" ind2=" " tag="710"><mx:subfield code="a">Stuttgarts Radiosymfoniorkester</mx:subfield></mx:datafield><mx:datafield ind1="2" ind2=" " tag="710"><mx:subfield code="a">Tjekkisk Filharmonisk Orkester</mx:subfield></mx:datafield><mx:datafield ind1="2" ind2=" " tag="710"><mx:subfield code="a">Det Ungarske Statsorkester</mx:subfield></mx:datafield><mx:datafield ind1=" " ind2=" " tag="901"><mx:subfield code="a">784</mx:subfield></mx:datafield></mx:record><hs activity="insert">DKDLA</hs></marc21></of:formatResponse></SOAP-ENV:Body></SOAP-ENV:Envelope>
